@Article{con,
author = "H. Connelly",
title = "An extension of triangle construction from located points",
journal = "Forum Geom.",
year = "2009",
OPTkey = "",
OPTvolume = "",
OPTnumber = "",
OPTpages = "109-112",
OPTmonth = "",
OPTnote = "",
OPTannote = ""
}
